@inproceedings{neider2020probably,
author={Neider, Daniel and Ghosh, Bishwamittra},
title={Probably Approximately Correct Explanations of Machine Learning Models via Syntax-Guided Synthesis},
booktitle={arXiv:2009.08770},
month={9},
year={2020}}