@inproceedings{ghosh2021justicia,
author={Ghosh, Bishwamittra and Basu, Debabrota and Meel, Kuldeep S.},
title={Justicia: A Stochastic {SAT} Approach to Formally Verify Fairness},
booktitle={Proceedings of AAAI},
month={2},
year={2021},
}