@inproceedings{ghosh2020formal,
author={Ghosh, Bishwamittra and Neider, Daniel},
title={A Formal Language Approach to Explaining {RNNs}},
booktitle={arXiv:2006.07292},
month={6},
year={2020}}