@inproceedings{ghosh2024split,
author={Ghosh, Bishwamittra and Wang, Yuan and Fu, Huazhu and Wei, Qingsong and Liu, Yong and Goh, Rick Siow Mong},
title={Split Learning of Multi-Modal Medical Image Classification},
booktitle={IEEE CAI},
month={6},
year={2024},
}