@inproceedings{ghosh2021algorithmic,
author={Ghosh, Bishwamittra and Basu, Debabrota and Meel, Kuldeep S.},
title={Algorithmic Fairness Verification with Graphical Models},
booktitle={arXiv:2109.09447},
month={9},
year={2021}}