@inproceedings{ghosh2022how,
author={Ghosh, Bishwamittra and Basu, Debabrota and Meel, Kuldeep S.},
title={“How Biased is Your Feature?”: Computing Fairness Influence Functions with Global Sensitivity Analysis},
booktitle={arXiv:2206.00667},
month={6},
year={2022},
}