@inproceedings{ghosh18flexible,
	author    = {\textbf{Bishwamittra Ghosh} and
	Mohammed Eunus Ali and
	Farhana Murtaza Choudhury and
	Sajid Hasan and
	Timos Sellis and
	Jianxin Li},
	title     = {The Flexible Socio Spatial Group Queries},
	booktitle={Proceedings of {PVLDB}},
	year      = {2018},
	url       = {http://www.vldb.org/pvldb/vol12/p99-ghosh.pdf},
	timestamp = {Sat, 17 Nov 2018 18:08:24 +0100},
	biburl    = {https://dblp.org/rec/bib/journals/pvldb/GhoshACHSL18},
	bibsource = {dblp computer science bibliography, https://dblp.org}
}

@article{apon2021social,
	author = {Apon, Sajid Hasan and Ali, Mohammed Eunus and \textbf{Bishwamittra Ghosh} and Sellis, Timos},
	title = {Social-Spatial Group Queries with Keywords},
	year = {2021},
	journal = {TSAS},
}

@inproceedings{neider2020probably,
	author={Neider, Daniel and \textbf{Bishwamittra Ghosh}},
	title={Probably Approximately Correct Explanations of Machine Learning Models via Syntax-Guided Synthesis},
	booktitle={arXiv:2009.08770},
	year={2020}}


@inproceedings{ghosh2020formal,
	author={\textbf{Bishwamittra Ghosh} and Neider, Daniel},
	title={A Formal Language Approach to Explaining {RNNs}},
	booktitle={arXiv:2006.07292},
	year={2020}}



@inproceedings{ghosh2021algorithmic,
	author={\textbf{Bishwamittra Ghosh} and Basu, Debabrota and Meel, Kuldeep S.},
	title={Algorithmic Fairness Verification with Graphical Models},
	booktitle={Proceedings of AAAI},
	year={2022}}


@inproceedings{ghosh2021how,
	author={\textbf{Bishwamittra Ghosh} and Basu, Debabrota and Meel, Kuldeep S.},
	title={“{How} Biased is Your Feature?”: Computing Fairness
	Influence Functions with Global Sensitivity Analysis (under review)},
	year={2022}}


@inproceedings{ghosh2020justicia,
	author={\textbf{Bishwamittra Ghosh} and Basu, Debabrota and Meel, Kuldeep S.},
	title={Justicia: A Stochastic {SAT} Approach to Formally Verify Fairness},
	booktitle={Proceedings of AAAI},
	year={2021},
}

@inproceedings{ciampiconi20maxsat,
	author={Ciampiconi, Lorenzo and \textbf{Bishwamittra Ghosh} and Scarlett, Jonathan and  Meel, Kuldeep S.},
	title={A {MaxSAT}-based Framework for Group Testing},
	booktitle={Proceedings of AAAI},
	year={2020},
}

@inproceedings{ghosh20classification,
	author={\textbf{Bishwamittra Ghosh} and Malioutov, Dmitry and  Meel, Kuldeep S.},
	title={Classification Rules in Relaxed Logical Form},
	booktitle={Proceedings of ECAI},
	year={2020}
}

@inproceedings{ghosh19incremental,
	author={\textbf{Bishwamittra Ghosh} and  Meel, Kuldeep S.},
	title={{IMLI}: An Incremental Framework for {MaxSAT}-based Learning of Interpretable Classification Rules},
	booktitle={Proceedings AIES},
	year={2019},
}


@inproceedings{ghosh19efficient,
	author={\textbf{Bishwamittra Ghosh} and Malioutov, Dmitry and  Meel, Kuldeep S.},
	title={Efficient Learning of Interpretable Classification Rules (under review)},
	year={2022},
}