@article{GACHSL18,
  author    = {Bishwamittra Ghosh and
               Mohammed Eunus Ali and
               Farhana Murtaza Choudhury and
               Sajid Hasan and
               Timos Sellis and
               Jianxin Li},
  title     = {The Flexible Socio Spatial Group Queries},
  journal   = {{PVLDB}},
  volume    = {12},
  number    = {2},
  pages     = {99--111},
  year      = {2018},
  url       = {http://www.vldb.org/pvldb/vol12/p99-ghosh.pdf},
  timestamp = {Sat, 17 Nov 2018 18:08:24 +0100},
  biburl    = {https://dblp.org/rec/bib/journals/pvldb/GhoshACHSL18},
  bibsource = {dblp computer science bibliography, https://dblp.org}
}

